<record><leader>00000cas a22000007a 4500</leader><controlfield tag="001">15861656</controlfield><controlfield tag="008">870608d187u1881inudn ne      0    0eng d</controlfield><datafield ind1=" " ind2=" " tag="010"><subfield code="a">sn 87056029 </subfield></datafield><datafield ind1=" " ind2=" " tag="040"><subfield code="a">NPI</subfield><subfield code="b">eng</subfield><subfield code="c">NPI</subfield><subfield code="d">OCL</subfield><subfield code="d">OCLCQ</subfield></datafield><datafield ind1=" " ind2=" " tag="042"><subfield code="a">msc</subfield></datafield><datafield ind1="0" ind2="4" tag="245"><subfield code="a">The Evening Pharos.</subfield></datafield><datafield ind1=" " ind2=" " tag="260"><subfield code="a">Logansport [Ind.] :</subfield><subfield code="b">Pharos Co.,</subfield><subfield code="c">-1881.</subfield></datafield><datafield ind1=" " ind2=" " tag="310"><subfield code="a">Daily (except Sun.)</subfield></datafield><datafield ind1="0" ind2=" " tag="362"><subfield code="a">-v. 6, no. 154 (Oct. 31, 1881).</subfield></datafield><datafield ind1=" " ind2=" " tag="580"><subfield code="a">Issued also in weekly ed. called: Logansport Pharos (Logansport, Ind. : Weekly); and: Logansport weekly Pharos.</subfield></datafield><datafield ind1=" " ind2=" " tag="588"><subfield code="a">Description based on: Vol. 3, no. 154 (Apr. 11, 1878) = Whole no. 782.</subfield></datafield><datafield ind1=" " ind2=" " tag="752"><subfield code="a">United States</subfield><subfield code="b">Indiana</subfield><subfield code="c">Cass</subfield><subfield code="d">Logansport.</subfield></datafield><datafield ind1="1" ind2=" " tag="775"><subfield code="t">Logansport Pharos (Logansport, Ind. : Weekly)</subfield><subfield code="w">(DLC)sn 87056024</subfield></datafield><datafield ind1="1" ind2=" " tag="775"><subfield code="t">Logansport weekly Pharos</subfield><subfield code="w">(DLC)sn 87056025</subfield></datafield><datafield ind1="0" ind2="0" tag="780"><subfield code="t">Logansport daily Pharos (Logansport, Ind. : 1874)</subfield><subfield code="w">(DLC)sn 84037910</subfield></datafield><datafield ind1="0" ind2="5" tag="780"><subfield code="t">Logansport daily star</subfield><subfield code="w">(DLC)sn 83025616</subfield></datafield><datafield ind1="0" ind2="0" tag="785"><subfield code="t">Logansport daily Pharos (Logansport, Ind. : 1881)</subfield><subfield code="w">(DLC)sn 87056028</subfield></datafield></record>